@inproceedings{origin,
  author    = {bobouc},
  title     = {OUC Beamer Theme},
  year      = {2021},
  url       = {http://far.tooold.cn/post/latex/beamertsinghua},
}